@book{bib:romanov:org,
	author = {О.А.Романов and С.А.Бабин and С.Г.Жданов},
	title = {Организационное обеспечение информационной безопасности},
	publisher = {Издательский центр <<Академия>>},
	address = {М.},
	numpages = {192},
    language={russian},
	year = {2008}
}
@book{bib:howard:24,
	author = {М.Ховард and Д.Лебланк and Д.Вьега},
	title = {24 смертных греха компьютерной безопасности},
	publisher = {Питер},
	address = {СПб.},
	numpages = {400},
    language={russian},
	year = {2010}
}
@book{bib:tannen:os,
	author = {Э.Танненбаум},
	title = {Современные операционные системы},
	edition = {3},
	publisher = {Питер},
	address = {СПб.},
	numpages = {1120},
    language={russian},
	year = {2010}
}
@book{bib:zegzda:secbase,
	author = {Д.П.Зегжда and А.М.Ивашко},
	title = {Основы безопасности информационных систем},
	publisher = {Горячая линия - Телеком},
	address = {М},
	numpages = {452},
    language={russian},
	year = {2000}
}
@book{bib:yaroch:infsec,
	author = {В.И.Ярочкин},
	title = {Информационная безопасность. Учебник для вузов},
	publisher = {Академичский проект, Мир},
	address = {М.},
	numpages = {544},
    language={russian},
	year = {2008}
}
@book{bib:chmora:crypto,
	author = {А.Л.Чмора},
	title = {Современная прикладная криптография},
	edition = {2},
	publisher = {Гелиос АРВ},
	address = {М.},
	numpages = {256},
    language={russian},
	year = {2002}
}
@book{bib:smart:crypto,
	author = {Н.Смарт},
	title = {Криптография},
	publisher = {Техносфера},
	address = {М.},
	numpages = {528},
    language={russian},
	year = {2006}
}
@book{bib:shangin:protect,
	author = {В.Ф.Шаньгин},
	title = {Защита компьютерной информации. Эффективные методы и средства},
	publisher = {ДМК},
	address = {М.},
	numpages = {544},
    language={russian},
	year = {2008}
}
@book{bib:petsold:code,
	author = {Ч.Петцольд},
	title = {Информатика},
	publisher = {Русская редакция},
	address = {М},
	numpages = {512},
    language={russian},
	year = {2004}
}
@book{bib:ostreykovsky:informatics,
	author = {В.В.Острейковский},
	title = {Информатика},
	publisher = {Высшая школа},
	address = {М},
	numpages = {511},
    language={russian},
	year = {2000}
}
@book{bib:cotelnikov,
	author = {И.Котельников and П.Чеботаев},
	title = {\LaTeX\ по-русски},
	publisher = {Сибирский хронограф},
	address = {Новосибирск},
	numpages = {496},
    language={russian},
	year = {2009}
}
@book{bib:baldin,
	author = {Е.М.Балдин},
	title = {Компьютерная типография \LaTeX},
	publisher = {БХВ-Петербург},
	address = {СПб.},
	numpages = {304},
    language={russian},
	year = {2008}
}
@book{bib:knuth:AllAbout,
	author = {Д.Э.Кнут},
	title = {Все про \TeX},
	publisher = {Вильямс},
	address = {М.},
	numpages = {560},
    language={russian},
	year = {2003}
}
@book{bib:knuth:artOfProgramming1,
	author = {Д.Э.Кнут},
	title = {Искусство программирования, основные алгоритмы},
	publisher = {Вильямс},
	address = {М.},
	numpages = {720},
    language={russian},
    volume={1},
    edition={3},
	year = {2010}
}
@book{bib:knuth:artOfProgramming2,
	author = {Д.Э.Кнут},
	title = {Искусство программирования, получисленные алгоритмы},
	publisher = {Вильямс},
	address = {М.},
	numpages = {832},
    language={russian},
    volume={2},
    edition={3},
	year = {2005}
}
@book{bib:knuth:artOfProgramming3,
	author = {Д.Э.Кнут},
	title = {Искусство программирования, сортировка и поиск},
	publisher = {Вильямс},
	address = {М.},
	numpages = {832},
    language={russian},
    volume={3},
    edition={3},
	year = {2009}
}
@book{bib:sudoplatov:discrmath,
	author = {С.В.Судоплатов and Е.В.Овчинникова},
	title = {Дискретная математика: Учебник},
	publisher = {ИНФРА-М;Новосибирск;Изд-во НГТУ},
	address = {М.},
	numpages = {256},
    language={russian},
	year = {2005}
}
@book{bib:haggard:discrmathprogrammer,
	author = {Г.Хаггард and Дж.Шлипф and С.Уайтсайдс},
	title = {Дискретная математика для программистов: учебное пособие},
	publisher = {Бином. Лаборатория знаний},
	address = {М.},
	numpages = {627},
    language={russian},
	year = {2010}
}
@book{bib:novic:discrmathprogrammer,
	author = {Ф.А.Новиков},
	title = {Дискретная математика для программистов},
	publisher = {Питер},
	address = {СПб.},
	numpages = {304},
    language={russian},
	year = {2000}
}
@book{bib:gorbatovs:discrmath,
	author = {В.А.Горбатов and А.В.Горбатов and М.В.Горбатова},
	title = {Дискретная математика: учебник для студентов ВТУЗов},
	publisher = {ООО <<Издательство АСТ>> and ООО <<Издательство Астрель>>},
	address = {М.},
	numpages = {447},
    language={russian},
	year = {2003}
}
@book{bib:gorbatov:fodm,
	author = {В.А.Горбатов},
	title = {Фундаментальные основы дискретной математики},
	publisher = {Физматлит},
	address = {М.},
	numpages = {544},
    language={russian},
	year = {1999}
}
@book{bib:yablonsky:discreteintro,
	author = {С.В.Яблонский},
	title = {Введение в дискретную математику: учебное пособие для вузов},
    editor={В.А.Садовничего},
	publisher = {Высшая школа},
	address = {М.},
	numpages = {384},
    language={russian},
	year = {2001}
}
@book{bib:shaporev:discretemath,
	author = {С.Д.Шапорев},
	title = {Дискретная математика. Курс лекций и практических занятий},
	publisher = {БХВ-Петербург},
	address = {СПб.},
	numpages = {400},
    language={russian},
	year = {2006}
}
@book{bib:serebryakov:programminglang,
	author = {В.А.Серебряков and М.П.Галочкин and Д.Р.Гончар and М.Г.Фуругян},
	title = {Теория и реализация языков программирования:Учебное пособие},
	publisher = {МЗ-Пресс},
	address = {М.},
	numpages = {345},
    language={russian},
	year = {2003}
}
@book{bib:lvovsky,
	author = {С.М.Львовский},
	title = {Набор и верстка в системе \LaTeX{}},
	publisher = {МЦНМО},
	address = {М.},
	numpages = {448},
    language={russian},
	year = {2006}
}
@book{bib:krenke:db,
	author = {Д.Кренке},
	title = {Теория и практика построения баз данных},
	publisher = {Питер},
	address = {СПб.},
	numpages = {800},
	edition = {8},
    language={russian},
	year = {2003}
}
@book{bib:osovsky:neyro,
	author = {С.Осовский},
	title = {Нейроные сети для обработки информации},
	publisher = {Финансы и статистика},
	address = {М.},
	numpages = {344},
    language={russian},
	year = {2002}
}
@book{bib:knuth:concretemath,
	author = {Р.Грэхем and Д.Кнут and О.Паташник},
	title = {Конкретная математика. Основание информатики},
	publisher = {Мир},
	address = {М.},
	numpages = {703},
    language={russian},
	year = {1998}
}
@book{bib:panin:informationTheory,
	author = {В.В.Панин},
	title = {Основы теории информации: учебное пособие для вузов},
	publisher = {БИНОМ},
	address = {М.},
	numpages = {438},
	edition = {3},
    language={russian},
	year = {2009}
}
@book{bib:verner:codingBase,
	author = {М.Вернер},
	title = {Основы кодирования: учебник для ВУЗов},
	publisher = {Техносфера},
	address = {М.},
	numpages = {288},
    language={russian},
	year = {2004}
}
@book{bib:salmon:compressing,
	author = {Д.Сэлмон},
	title = {Сжатие данных, изображений и звука},
	publisher = {Техносфера},
	address = {М.},
	numpages = {368},
    language={russian},
	year = {2004}
}
@book{bib:shneir:applCrypto,
    author = {Б.Шнайер},
	title = {Прикладная криптография. Протоколы, алгоритмы, исходные тексты на языке Си},
	publisher = {Триумф},
	address = {М.},
	numpages = {816},
    language={russian},
	year = {2002}
}
@book{bib:miller:secParAlghorithm,
	author = {Р.Миллер and Л.Боксер},
	title = {Последовательные и параллельные алгоритмы},
	publisher = {Бином. Лаборатория знаний},
	address = {М.},
	numpages = {406},
    language={russian},
	year = {2006}
}
@book{bib:hopkroft:automateIntro,
	author = {Д.Хопкрофт and Р.Мотвани and Д.Ульман},
	title = {Введение в теорию автоматов, языков и вычислений},
	publisher = {Издательский дом <<Вильямс>>},
	address = {М.},
	numpages = {528},
    language={russian},
	year = {2008}
}
@book{bib:wirth:alghorithms,
	author = {Н.Вирт},
	title = {Алгоритмы и структуры данных},
	publisher = {Невский диалект},
	address = {СПб.},
	numpages = {352},
    language={russian},
	year = {2001}
}
@book{bib:kernigan:practice,
	author = {Б.Керниган and Р.Пайк},
	title = {Практика программирования},
	publisher = {Невский диалект},
	address = {СПб.},
	numpages = {381},
    language={russian},
	year = {2001}
}
@book{bib:mcconnel:alghorithmAnalysis,
	author = {Дж.Макконнелл},
	title = {Анализ алгоритмов. Активный обучающий подход},
	publisher = {Техносфера},
	address = {М.},
	numpages = {416},
    language={russian},
	year = {2009}
}
@book{bib:ore:graphs,
	author = {О.Оре},
	title = {Графы и их применение},
	publisher = {КомКнига},
	address = {М.},
	numpages = {168},
    language={russian},
    edition={3},
	year = {2006}
}
@misc{bib:misch:stackProt,
    author = {К.Касперски},
    howpublished={\url{http://www.insidepro.com/kk/083r.shtml}},
    language={russian},
	title = {Переполняющиеся буфера --- активные средства защиты}
}
@misc{bib:fsb,
    author = {},
    title = {Сайт ФСБ России},
    howpublished={\url{http://www.fsb.ru}}
    language={russian}
}    
@misc{bib:clsz,
    author = {},
    title = {Сайт центра <<ЛСЗ>> ФСБ России},
    howpublished={\url{http://clsz.fsb.ru}},
    language={russian}
}
@misc{bib:fstec,
    author = {},
    title = {Сайт ФСТЭК},
    howpublished={\url{http://www.fstec.ru}},
    language={russian}
}
@misc{bib:gostsDnld,
    author = {},
    title = {ГОСТы (для просмотра)},
    howpublished={\url{http://www.complexdoc.ru}},
    language={russian}
}
@book{bib:olifers:networks,
	author = {В.Г.Олифер and Н.А.Олифер},
	title = {Компьютерные сети. Принципы, технологии, протоколы},
	publisher = {Питер},
	address = {СПб.},
	numpages = {960},
    language={russian},
    edition={3},
	year = {2007}
}
@book{bib:tannen:networks,
	author = {Э.Таненбаум and Д.Уэзеролл},
	title = {Компьютерные сети},
	publisher = {Питер},
	address = {СПб.},
	numpages = {960},
    language={russian},
    edition={5},
	year = {2012}
}
@book{bib:shangin:2012:secInNetworks,
	author = {В.Ф.Шаньгин},
	title = {Защита информации в компьютерных системах и сетях},
	publisher = {ДМК Пресс},
	address = {М.},
	numpages = {592},
    language={russian},
	year = {2012}
}
@book{bib:lebed:2002:firewalls,
	author = {С.В.Лебедь},
	title = {Межсетевое экранирование. Теория и практика защиты внешнего периметра},
	publisher = {МГТУ им. Н.Э.Баумана},
	address = {М.},
	numpages = {304},
    language={russian},
	year = {2002}
}
@misc{bib:misc:biocons,
    author = {},
    title = {Biometric Consortium},
    howpublished={\url{http://www.biometrics.org}},
    language={russian}
}
@misc{bib:misc:ibg,
    author = {},
    title = {International Biometric Group (IBG)},
    howpublished={\url{http://www.ibgweb.com}},
    language={russian}
}
@misc{bib:misc:iso,
    author = {},
    title = {International Organization for Standardization (ISO)},
    howpublished={\url{http://www.iso.org}},
    language={russian}
}
@misc{bib:misc:incits,
    author = {},
    title = {International Committee for Information Technology Standards (INCITS)},
    howpublished={\url{http://www.incits.org}},
    language={russian}
}
@misc{bib:misc:bioapi,
    author = {},
    title = {BioAPI Consortium},
    howpublished={\url{http://www.bioapi.org}},
    language={russian}
}
@misc{bib:misc:facerec,
    author = {},
    title = {Face Recognition Homepage},
    howpublished={\url{http://www.face-rec.org}},
    language={russian}
}
@misc{bib:misc:daugmann,
    author = {},
    title = {John Daugman Homepage},
    howpublished={\url{http://www.cl.cam.ac.uk/~jgd1000}},
    language={russian}
}
@book{bib:djhuian:eid,
	author = {В.Л.Дшхунян and В.Ф.Шаньгин},
	title = {Электронная идентификация. Бесконтактные электронные идентификаторы и смарт-карты},
	publisher = {ООО <<Издательство АСТ>>, издательство <<НТ Пресс>>},
	address = {М.},
	numpages = {192},
    language={russian},
	year = {2004}
}
@misc{bib:misc:aladdin,
    author = {},
    title = {Компания <<Аладдин Р.Д.>>},
    howpublished={\url{http://www.aladdin-rd.ru}},
    language={russian}
}
@misc{bib:misc:ibutton,
    author = {},
    title = {iButton},
    howpublished={\url{http://www.ibutton.ru}},
    language={russian}
}
@misc{bib:misc:oracle,
    author = {},
    title = {Компания <<Oracle>>},
    howpublished={\url{http://www.oracle.com}},
    language={russian}
}
@misc{bib:misc:estream,
    author = {},
    title = {eSTREAM: the ECRYPT Stream Cipher Project},
    howpublished={\url{http://www.ecrypt.eu.org/stream/}},
    language={russian}
}
@book{bib:robachevsky:unix,
	author = {А.Робачевский and С.Немнюгин and О.Стесик},
	title = {Операционная система UNIX},
	publisher = {БХВ-Петербург},
	address = {СПб.},
	numpages = {656},
    language={russian},
	year = {2010}
}
@book{bib:russinovich:wininternals,
	author = {М.Руссинович and Д.Соломон},
	title = {Внутреннее устройство Microsoft Windows: Windows 2003 Server, Windows XP, Windows 2000. Мастер-класс},
	publisher = {Издательство <<Русская редакция>>},
	address = {СПб.},
	edition = {4},
	numpages = {992},
    language={russian},
	year = {2006}
}
@book{bib:gamma:patterns,
	author = {Э.Гамма and Р.Хелм and Р.Джонсон and Дж.Влиссидес},
	title = {Приемы объектно-ориентированного проектироания. Паттерны проектирования},
	publisher = {Питер},
	address = {СПб.},
	numpages = {366},
    language={russian},
	year = {2007}
}
@book{bib:alexandrescu:moderncpp,
	author = {А.Александреску},
	title = {Современное проектирование на C++},
	publisher = {Издательский дом <<Вильямс>>},
	address = {М.},
	numpages = {336},
    language={russian},
	year = {2007}
}
@book{bib:mao:modernCrypto,
	author = {В.Мао},
	title = {Современная криптография: теория и практика},
	publisher = {Издательский дом <<Вильямс>>},
	address = {М.},
	numpages = {786},
    language={russian},
	year = {2005}
}
@book{bib:bolotov:elliptic,
	author = {А.А.Болотов and С.Б.Гашков and А.Б.Фролов and А.А.Часовских},
	title = {Элементарное введение в эллиптическую криптографию: Алгоритмические и алгебраические основы},
	publisher = {КомКнига},
	address = {М.},
	numpages = {328},
    language={russian},
	year = {2006}
}
@book{bib:bolotov:ellipticProtocol,
	author = {А.А.Болотов and С.Б.Гашков and А.Б.Фролов},
	title = {Элементарное введение в эллиптическую криптографию: Протоколы криптографии на эллиптических кривых},
	publisher = {КомКнига},
	address = {М.},
	numpages = {280},
    language={russian},
	year = {2006}
}
